<record><leader>00000cas a22000007a 4500</leader><controlfield tag="001">34001720</controlfield><controlfield tag="008">960108c19839999meuwr ne      0    0eng d</controlfield><datafield ind1=" " ind2=" " tag="010"><subfield code="a">sn 95068014 </subfield></datafield><datafield ind1=" " ind2=" " tag="040"><subfield code="a">MBN</subfield><subfield code="b">eng</subfield><subfield code="c">MBN</subfield><subfield code="d">OCLCQ</subfield><subfield code="d">IUL</subfield><subfield code="d">OCLCF</subfield></datafield><datafield ind1="1" ind2=" " tag="029"><subfield code="a">AU@</subfield><subfield code="b">000025890554</subfield></datafield><datafield ind1=" " ind2=" " tag="042"><subfield code="a">msc</subfield></datafield><datafield ind1=" " ind2=" " tag="043"><subfield code="a">n-us-me</subfield></datafield><datafield ind1="0" ind2="4" tag="245"><subfield code="a">The Original irregular.</subfield></datafield><datafield ind1=" " ind2=" " tag="260"><subfield code="a">[Kingfield, Me. :</subfield><subfield code="b">David Costello]</subfield></datafield><datafield ind1=" " ind2=" " tag="300"><subfield code="a">v.</subfield></datafield><datafield ind1=" " ind2=" " tag="310"><subfield code="a">Weekly (except 3rd week in Apr.)</subfield></datafield><datafield ind1=" " ind2=" " tag="321"><subfield code="a">Weekly (except twice monthly in Apr., May, June),</subfield><subfield code="b">May 5, 1985-Feb. 28, 1990</subfield></datafield><datafield ind1=" " ind2=" " tag="321"><subfield code="a">Weekly (except for one week in Apr.),</subfield><subfield code="b">Mar. 7, 1990-&lt;1995&gt;</subfield></datafield><datafield ind1="1" ind2=" " tag="362"><subfield code="a">Began in 1983.</subfield></datafield><datafield ind1=" " ind2=" " tag="500"><subfield code="a">Serving the western mountains of Maine.</subfield></datafield><datafield ind1=" " ind2=" " tag="588"><subfield code="a">Description based on: Vol. 17, no. 1 (Oct. 4, 1983).</subfield></datafield><datafield ind1=" " ind2="0" tag="651"><subfield code="a">Kingfield (Me.)</subfield><subfield code="v">Newspapers.</subfield></datafield><datafield ind1=" " ind2="0" tag="651"><subfield code="a">Franklin County (Me.)</subfield><subfield code="v">Newspapers.</subfield></datafield><datafield ind1=" " ind2="0" tag="651"><subfield code="a">Carrabassett Valley (Me. : Town)</subfield><subfield code="v">Newspapers.</subfield></datafield><datafield ind1=" " ind2="7" tag="655"><subfield code="a">Newspapers.</subfield><subfield code="2">fast</subfield><subfield code="0">(OCoLC)fst01423814</subfield></datafield><datafield ind1=" " ind2="7" tag="651"><subfield code="a">Maine</subfield><subfield code="z">Carrabassett Valley (Town)</subfield><subfield code="2">fast</subfield><subfield code="0">(OCoLC)fst01340250</subfield></datafield><datafield ind1=" " ind2="7" tag="651"><subfield code="a">Maine</subfield><subfield code="z">Franklin County.</subfield><subfield code="2">fast</subfield><subfield code="0">(OCoLC)fst01216127</subfield></datafield><datafield ind1=" " ind2="7" tag="651"><subfield code="a">Maine</subfield><subfield code="z">Kingfield.</subfield><subfield code="2">fast</subfield><subfield code="0">(OCoLC)fst01214813</subfield></datafield><datafield ind1=" " ind2=" " tag="752"><subfield code="a">United States</subfield><subfield code="b">Maine</subfield><subfield code="c">Franklin</subfield><subfield code="d">Kingfield.</subfield></datafield><datafield ind1="0" ind2="0" tag="780"><subfield code="t">Irregular (1981)</subfield><subfield code="w">(DLC)sn 97069028</subfield><subfield code="w">(OCoLC)38114342</subfield></datafield></record>